<?xml version="1.0" encoding="UTF-8"?><collection xmlns="http://www.loc.gov/MARC21/slim"><record><leader>00387nam--2200121-i-4500</leader><controlfield tag="001">000036503</controlfield><controlfield tag="002">20161230</controlfield><controlfield tag="005">20161230201040</controlfield><controlfield tag="008">060222s1000------------r-----000-0-eng-d</controlfield><datafield ind1=" " ind2=" " tag="080"><subfield code="a">621.039.575</subfield></datafield><datafield ind1=" " ind2=" " tag="245"><subfield code="a">Power reactor characteristics. paris, september 1966</subfield></datafield><datafield ind1=" " ind2=" " tag="260"><subfield code="a">Paris, Organisation For Economic Cooperation And Development European Nuclear Energy Agency, 1966, 83p</subfield></datafield><datafield ind1=" " ind2=" " tag="852"><subfield code="a">27112</subfield></datafield></record></collection>